<?xml version="1.0" encoding="UTF-8"?>
<OAI-PMH xmlns="http://www.openarchives.org/OAI/2.0/" xmlns:xsi="http://www.w3.org/2001/XMLSchema-instance" xsi:schemaLocation="http://www.openarchives.org/OAI/2.0/ http://www.openarchives.org/OAI/2.0/OAI-PMH.xsd">
  <ListRecords>
    <record>
      <header>
        <identifier>aleph-publish:000806191</identifier>
      </header>
      <metadata>
        <record xmlns="http://www.ddb.de/professionell/mabxml/mabxml-1.xsd">
          <leader>00633vM2.01200024------h</leader>
          <controlfield tag="LDR">00633vM2.01200024------h</controlfield>
          <controlfield tag="FMT">MH</controlfield>
          <datafield tag="001" ind1="-" ind2="1">
            <subfield code="a">HT010843888</subfield>
          </datafield>
          <datafield tag="002" ind1="a" ind2="1">
            <subfield code="a">19990825</subfield>
          </datafield>
          <datafield tag="003" ind1="-" ind2="1">
            <subfield code="a">20070216</subfield>
          </datafield>
          <datafield tag="021" ind1="b" ind2="1">
            <subfield code="a">HT010843875</subfield>
          </datafield>
          <controlfield tag="030">a|1uc||||||17</controlfield>
          <datafield tag="036" ind1="a" ind2="1">
            <subfield code="a">DE</subfield>
          </datafield>
          <datafield tag="037" ind1="b" ind2="1">
            <subfield code="a">ger</subfield>
          </datafield>
          <controlfield tag="050">|||c||||||||||</controlfield>
          <controlfield tag="051">sy||||||</controlfield>
          <datafield tag="070" ind1="-" ind2="1">
            <subfield code="a">294</subfield>
          </datafield>
          <datafield tag="080" ind1="-" ind2="1">
            <subfield code="a">60</subfield>
          </datafield>
          <datafield tag="100" ind1="-" ind2="1">
            <subfield code="p">Gockel, Simone</subfield>
            <subfield code="d">1969-</subfield>
            <subfield code="9">(DE-588)121333337</subfield>
          </datafield>
          <datafield tag="331" ind1="-" ind2="1">
            <subfield code="a">Perfluoralkylsubstituierte Tellur(IV)Verbindungen</subfield>
          </datafield>
          <datafield tag="359" ind1="-" ind2="1">
            <subfield code="a">von Simone Gockel</subfield>
          </datafield>
          <datafield tag="403" ind1="-" ind2="1">
            <subfield code="a">[Mikrofiche-Ausg.]</subfield>
          </datafield>
          <datafield tag="410" ind1="-" ind2="1">
            <subfield code="a">Marburg</subfield>
          </datafield>
          <datafield tag="412" ind1="-" ind2="1">
            <subfield code="a">Tectum-Verl.</subfield>
          </datafield>
          <datafield tag="425" ind1="a" ind2="1">
            <subfield code="a">1999</subfield>
          </datafield>
          <datafield tag="433" ind1="-" ind2="1">
            <subfield code="a">VIII, 121 S. : graph. Darst.</subfield>
          </datafield>
          <datafield tag="519" ind1="-" ind2="1">
            <subfield code="p">Zugl.</subfield>
            <subfield code="a">Bochum, Univ., Diss., 1998</subfield>
          </datafield>
          <datafield tag="540" ind1="a" ind2="1">
            <subfield code="a">3-8288-0675-9</subfield>
          </datafield>
          <datafield tag="610" ind1="-" ind2="1">
            <subfield code="a">Mikrofiche-Ausg.:</subfield>
          </datafield>
          <datafield tag="611" ind1="a" ind2="1">
            <subfield code="a">Marburg</subfield>
          </datafield>
          <datafield tag="613" ind1="a" ind2="1">
            <subfield code="a">Tectum-Verl.</subfield>
          </datafield>
          <datafield tag="621" ind1="-" ind2="1">
            <subfield code="a">Edition Wissenschaft : Reihe Chemie ; 240</subfield>
          </datafield>
          <datafield tag="623" ind1="-" ind2="1">
            <subfield code="a">HT006670284</subfield>
          </datafield>
          <datafield tag="625" ind1="-" ind2="1">
            <subfield code="a">240</subfield>
          </datafield>
          <datafield tag="626" ind1="-" ind2="1">
            <subfield code="a">240</subfield>
          </datafield>
          <datafield tag="634" ind1="a" ind2="1">
            <subfield code="a">3-8288-0675-9</subfield>
          </datafield>
          <datafield tag="637" ind1="-" ind2="1">
            <subfield code="a">2 Mikrofiches : 24x</subfield>
          </datafield>
          <datafield tag="673" ind1="c" ind2="1">
            <subfield code="a">Bochum</subfield>
          </datafield>
          <datafield tag="902" ind1="-" ind2="1">
            <subfield code="s">Tellurorganische Verbindungen</subfield>
            <subfield code="9">(DE-588)4184674-6</subfield>
          </datafield>
          <datafield tag="902" ind1="-" ind2="1">
            <subfield code="s">Perfluoralkylgruppe</subfield>
            <subfield code="9">(DE-588)4337083-4</subfield>
          </datafield>
          <datafield tag="902" ind1="-" ind2="1">
            <subfield code="s">Mikroform</subfield>
            <subfield code="9">(DE-588)4039216-8</subfield>
          </datafield>
          <datafield tag="903" ind1="-" ind2="1">
            <subfield code="a">213</subfield>
          </datafield>
          <controlfield tag="SYS">000806191</controlfield>
          <datafield tag="PSW" ind1="-" ind2="1">
            <subfield code="s">Mikrobild</subfield>
            <subfield code="9">(DE-588)4039216-8</subfield>
          </datafield>
          <datafield tag="PSW" ind1="-" ind2="1">
            <subfield code="s">Mikrodokumentation</subfield>
            <subfield code="9">(DE-588)4039216-8</subfield>
          </datafield>
          <datafield tag="PSW" ind1="-" ind2="1">
            <subfield code="s">Mikrokopie</subfield>
            <subfield code="9">(DE-588)4039216-8</subfield>
          </datafield>
          <datafield tag="PSW" ind1="-" ind2="1">
            <subfield code="s">Mikroformen</subfield>
            <subfield code="9">(DE-588)4039216-8</subfield>
          </datafield>
          <datafield tag="PSW" ind1="-" ind2="1">
            <subfield code="s">Fiche</subfield>
            <subfield code="h">Formschlagwort</subfield>
            <subfield code="9">(DE-588)4039216-8</subfield>
          </datafield>
          <datafield tag="PSW" ind1="-" ind2="1">
            <subfield code="s">Mikrofiche</subfield>
            <subfield code="h">Formschlagwort</subfield>
            <subfield code="9">(DE-588)4039216-8</subfield>
          </datafield>
          <datafield tag="PSW" ind1="-" ind2="1">
            <subfield code="s">Mikrofilm</subfield>
            <subfield code="h">Formschlagwort</subfield>
            <subfield code="9">(DE-588)4039216-8</subfield>
          </datafield>
          <datafield tag="PSW" ind1="-" ind2="1">
            <subfield code="s">Microform</subfield>
            <subfield code="9">(DE-588)4039216-8</subfield>
          </datafield>
          <datafield tag="PSW" ind1="-" ind2="1">
            <subfield code="s">Mikrobild</subfield>
            <subfield code="9">(DE-588)4039216-8</subfield>
          </datafield>
          <datafield tag="PSW" ind1="-" ind2="1">
            <subfield code="s">Mikrodokumentation</subfield>
            <subfield code="9">(DE-588)4039216-8</subfield>
          </datafield>
          <datafield tag="PSW" ind1="-" ind2="1">
            <subfield code="s">Mikrokopie</subfield>
            <subfield code="9">(DE-588)4039216-8</subfield>
          </datafield>
          <datafield tag="PSW" ind1="-" ind2="1">
            <subfield code="s">Mikroformen</subfield>
            <subfield code="9">(DE-588)4039216-8</subfield>
          </datafield>
          <datafield tag="PSW" ind1="-" ind2="1">
            <subfield code="s">Fiche</subfield>
            <subfield code="h">Formschlagwort</subfield>
            <subfield code="9">(DE-588)4039216-8</subfield>
          </datafield>
          <datafield tag="PSW" ind1="-" ind2="1">
            <subfield code="s">Mikrofiche</subfield>
            <subfield code="h">Formschlagwort</subfield>
            <subfield code="9">(DE-588)4039216-8</subfield>
          </datafield>
          <datafield tag="PSW" ind1="-" ind2="1">
            <subfield code="s">Mikrofilm</subfield>
            <subfield code="h">Formschlagwort</subfield>
            <subfield code="9">(DE-588)4039216-8</subfield>
          </datafield>
          <datafield tag="PSW" ind1="-" ind2="1">
            <subfield code="s">Microform</subfield>
            <subfield code="9">(DE-588)4039216-8</subfield>
          </datafield>
          <datafield tag="700" ind1=" " ind2=" ">
            <subfield code="a">UUN</subfield>
          </datafield>
          <datafield tag="OWN" ind1=" " ind2=" ">
            <subfield code="a">P0001</subfield>
          </datafield>
          <datafield tag="PLK" ind1=" " ind2=" ">
            <subfield code="a">SRU</subfield>
            <subfield code="l">PAD01</subfield>
            <subfield code="b">000677742</subfield>
            <subfield code="m">240.^Perfluoralkylsubstituierte Tellur(IV)Verbindungen.^[Mikrofiche-Ausg.].^1999</subfield>
            <subfield code="n">Edition Wissenschaft / Reihe Chemie.^</subfield>
          </datafield>
          <datafield tag="LOC" ind1=" " ind2=" ">
            <subfield code="m">MKF</subfield>
            <subfield code="a">P0001</subfield>
            <subfield code="b">93</subfield>
            <subfield code="d">UUN1142</subfield>
            <subfield code="i">1999.2495-1999.2496</subfield>
            <subfield code="n">25</subfield>
            <subfield code="k">20000217</subfield>
            <subfield code="5">122722-10</subfield>
          </datafield>
        </record>
      </metadata>
    </record>
  </ListRecords>
</OAI-PMH>
